@Book{NT,
 author    = "陈书良 and 刘娟",
 title     = "南唐二主词笺注",
 publisher = "中华书局",
 address   = "北京",
 year      = 2014,
 lang      = "zh",
}

@Book{LQZ,
 author    = "徐培均",
 title     = "李清照集笺注",
 publisher = "上海古籍出版社",
 address   = "上海",
 year      = 2012,
 lang      = "zh",
}

@Book{LY,
 author    = "薛瑞生",
 title     = "乐章集校注",
 publisher = "中华书局",
 address   = "北京",
 year      = 2012,
 lang      = "zh",
}
